@book{hunter2001applied,
  title={Applied analysis},
  author={Hunter, John K and Nachtergaele, Bruno},
  volume={472},
  year={2001},
  publisher={World Scientific}
}