@article{crawford1982strategic,
  title={Strategic information transmission},
  author={Crawford, Vincent P and Sobel, Joel},
  journal={Econometrica: Journal of the Econometric Society},
  pages={1431--1451},
  year={1982},
  publisher={JSTOR}
}
@inproceedings{sobel2012complexity,
  title={Complexity versus conflict in communication},
  author={Sobel, Joel},
  booktitle={Information Sciences and Systems (CISS), 2012 46th Annual Conference on},
  pages={1--6},
  year={2012},
  organization={IEEE}
}
@article{cremer2007language,
  title={Language and the Theory of the Firm},
  author={Cremer, Jacques and Garicano, Luis and Prat, Andrea},
  journal={The Quarterly Journal of Economics},
  volume={122},
  number={1},
  pages={373--407},
  year={2007},
  publisher={MIT Press}
}
@article{garicano2013organizational,
  title={Organizational economics with cognitive costs},
  author={Garicano, Luis and Prat, Andrea},
  journal={Advances in Economics and Econometrics},
  volume={1},
  pages={342},
  year={2013}
}
@article{agranov2012ignorance,
  title={Ignorance is bliss: an experimental study of the use of ambiguity and vagueness in the coordination games with asymmetric payoffs},
  author={Agranov, Marina and Schotter, Andrew},
  journal={American Economic Journal: Microeconomics},
  volume={4},
  number={2},
  pages={77--103},
  year={2012},
  publisher={American Economic Association}
}
@article{crawford2008power,
  title={The power of focal points is limited: even minute payoff asymmetry may yield large coordination failures},
  author={Crawford, Vincent P and Gneezy, Uri and Rottenstreich, Yuval},
  journal={The American Economic Review},
  volume={98},
  number={4},
  pages={1443--1458},
  year={2008},
  publisher={American Economic Association}
}